<?xml version="1.0" encoding="UTF-8"?><record xmlns="http://www.loc.gov/MARC21/slim" xmlns:cinclude="http://apache.org/cocoon/include/1.0" xmlns:zs="http://www.loc.gov/zing/srw/">
  <leader>00606cz  a2200145n  4500</leader>
  <controlfield tag="001">n  85142951 </controlfield>
  <controlfield tag="003">DLC</controlfield>
  <controlfield tag="005">20120804082120.0</controlfield>
  <controlfield tag="008">851029n| acannaabn          |n ana      </controlfield>
  <datafield tag="010" ind1=" " ind2=" ">
    <subfield code="a">n  85142951 </subfield>
  </datafield>
  <datafield tag="035" ind1=" " ind2=" ">
    <subfield code="a">(OCoLC)oca01492815</subfield>
  </datafield>
  <datafield tag="040" ind1=" " ind2=" ">
    <subfield code="a">DLC</subfield>
    <subfield code="b">eng</subfield>
    <subfield code="c">DLC</subfield>
    <subfield code="d">OCoLC</subfield>
    <subfield code="d">DLC</subfield>
  </datafield>
  <datafield tag="111" ind1="2" ind2=" ">
    <subfield code="a">International Agriculture Forum</subfield>
  </datafield>
  <datafield tag="667" ind1=" " ind2=" ">
    <subfield code="a">THIS 1XX FIELD CANNOT BE USED UNDER RDA UNTIL THIS RECORD HAS BEEN REVIEWED AND/OR UPDATED</subfield>
  </datafield>
  <datafield tag="670" ind1=" " ind2=" ">
    <subfield code="a">Agri-Energy Roundtable (5th : 1984 : Geneva, Switzerland). Agri-Energy Roundtable, 1984, c1984:</subfield>
    <subfield code="b">t.p. (Fifth International Agriculture Forum, Geneva, Switzerland, May 27-30, 1984)</subfield>
  </datafield>
</record>